<record><leader>00000cas a22000007a 4500</leader><controlfield tag="001">20461733</controlfield><controlfield tag="008">891010d19622001vauwr ne      0    0eng d</controlfield><datafield ind1=" " ind2=" " tag="010"><subfield code="a">sn 99066964 </subfield></datafield><datafield ind1=" " ind2=" " tag="040"><subfield code="a">VOD</subfield><subfield code="b">eng</subfield><subfield code="c">VOD</subfield><subfield code="d">NVK</subfield><subfield code="d">OCLCQ</subfield><subfield code="d">OCLCF</subfield><subfield code="d">OCLCO</subfield></datafield><datafield ind1="1" ind2=" " tag="029"><subfield code="a">AU@</subfield><subfield code="b">000023602814</subfield></datafield><datafield ind1=" " ind2=" " tag="042"><subfield code="a">msc</subfield></datafield><datafield ind1=" " ind2=" " tag="043"><subfield code="a">n-us-va</subfield></datafield><datafield ind1=" " ind2=" " tag="090"><subfield code="a">F234</subfield><subfield code="b">.C54</subfield></datafield><datafield ind1="0" ind2="4" tag="245"><subfield code="a">The Chesapeake post.</subfield></datafield><datafield ind1=" " ind2=" " tag="260"><subfield code="a">Chesapeake, Va. :</subfield><subfield code="b">Byerly Publications,</subfield><subfield code="c">1962-2001.</subfield></datafield><datafield ind1=" " ind2=" " tag="300"><subfield code="a">v. :</subfield><subfield code="b">ill. ;</subfield><subfield code="c">28 cm.</subfield></datafield><datafield ind1=" " ind2=" " tag="310"><subfield code="a">Weekly</subfield></datafield><datafield ind1="1" ind2=" " tag="362"><subfield code="a">Began in 1962.</subfield></datafield><datafield ind1="0" ind2=" " tag="362"><subfield code="a">-v. 37, no. 39 (Mar. 2, 2001).</subfield></datafield><datafield ind1=" " ind2=" " tag="530"><subfield code="a">Available on microfilm from Bell &amp; Howell, Micro Photo Div.</subfield></datafield><datafield ind1=" " ind2=" " tag="588"><subfield code="a">Description based on: 7th year, no. 41 (July 9, 1969).</subfield></datafield><datafield ind1=" " ind2="0" tag="651"><subfield code="a">Chesapeake (Va.)</subfield><subfield code="v">Newspapers.</subfield></datafield><datafield ind1=" " ind2="7" tag="655"><subfield code="a">Newspapers.</subfield><subfield code="2">fast</subfield><subfield code="0">(OCoLC)fst01423814</subfield></datafield><datafield ind1=" " ind2="7" tag="651"><subfield code="a">Virginia</subfield><subfield code="z">Chesapeake.</subfield><subfield code="2">fast</subfield><subfield code="0">(OCoLC)fst01208711</subfield></datafield><datafield ind1=" " ind2=" " tag="752"><subfield code="a">United States</subfield><subfield code="b">Virginia</subfield><subfield code="d">Chesapeake.</subfield></datafield></record>